@Book{Stroustrup,
  author = 	 {B. Stroustrup},
  ALTeditor = 	 {},
  title = 		 {The {C++} Programming Language},
  publisher = 	 {Addison-Wesley},
  year = 		 {1997},
}

@Book{BN,
  author = 	 {{J. J.} Barton and {L. R.} Nackman},
  ALTeditor = 	 {},
  title = 		 {Scientific and Engineering {C++}},
  publisher = 	 {Addison-Wesley},
  year = 		 {1994},
}

@Book{VandervoordeJosuttis,
  author = 	 {D. Vandervoorde and {N. M.} Josuttis},
  title = 		 {C++ Templates --- The complete guide},
  publisher = 	 {Addison-Wesley},
  year = 		 {2003},
}

@TechReport{Veldhui99,
  author = 		 {T. Veldhuizen},
  title = 		 {Techniques for Scientific {C}++},
  institution =  {Indiana University},
  year = 		 {1999},
  note = 	 {Computer Science Department}
}

@Article{ug,
  author =       "P. Bastian and K. Birken and S. Lang and K. Johannsen and N. Neu\ss
                 and H. {Rentz-Reichert} and C. Wieners",
  title =        "{UG}: {A} flexible software toolbox for solving partial
                 differential equations",
  journal =      "Computing and Visualization in Science",
  volume =       "1",
  publisher =    "Springer",
  pages =        "27--40",
  year =         "1997",
}


@Article{ALU3d,
  author = 		 {A. Dedner and C. Rohde and B. Schupp and M. Wesenberg},
  title = 		 {A Parallel, Load Balanced MHD Code on Locally Adapted, Unstructured Grids in 3D},
  journal = 	 {Computing and Visualization in Science},
  year = 		 {2004},
  volume = 	 {7},
  pages = 	 {79--96},
}


@Book{Alberta,
  author = 	 {K. Siebert and A. Schmidt},
  title = 		 {Design of adaptive finite element software: The finite element toolbox ALBERTA},
  publisher = 	 {Springer},
  year = 		 {2005},
  OPTnumber = 	 {42},
}


@Misc{Grape,
  author = 	 {Grape Web Page},
  note = 	 {http://www.iam.uni-bonn.de/grape/main.html},
}

@Misc{VTK,
  author =      {Visualization Toolkit Web Page},
  note   =      {http://www.vtk.org}
}

@Misc{Paraview,
  author =      {ParaView Web Page},
  note   =      {http://www.paraview.org}
}

@Misc{GPL,
  author = 	 {GNU Lesser General Public License},
  note = 	 {http://www.gnu.org/licenses/lgpl.html},
}


@Book{Deuflhard93,
  author = 	 {P. Deuflhard and A. Hohmann},
  title = 		 {Numerische Mathematik I},
  publisher = 	 {Walter de Gruyter},
  year = 		 {1993},
}

